% Please keep this file in alphabetical order by citation key. Citation keys follow the Google Scholar format (last name of the first author, four-digit year, and the first non-common word of the title).

@Article{abdelhamid1993software,
	author           = {Abdel-Hamid, T. K. and Sengupta, K. and Ronan, D.},
	journal          = {{IEEE} Transactions on Software Engineering},
	title            = {Software project control: an experimental investigation of judgment with fallible information},
	year             = {1993},
	month            = jun,
	number           = {6},
	pages            = {603--612},
	volume           = {19},
}

@InCollection{ajzen1985intentions,
  author           = {Ajzen, Icek},
  booktitle        = {Action Control},
  publisher        = {Springer Berlin Heidelberg},
  title            = {From Intentions to Actions: A Theory of Planned Behavior},
  year             = {1985},
  editor           = {Kuhl, Julius and Beckmann, J\"{u}rgen},
  isbn             = {9783642697463},
  pages            = {11--39},
}

@Article{ajzen1991theory,
  author           = {Ajzen, Icek},
  journal          = {Organizational Behavior and Human Decision Processes},
  title            = {The theory of planned behavior},
  year             = {1991},
  month            = dec,
  number           = {2},
  pages            = {179--211},
  volume           = {50},
  publisher        = {Elsevier {BV}},
}

@Article{alarifi2016secdep,
  author           = {Alarifi, Abdulrahman and Zarour, Mohammad and Alomar, Noura and Alshaikh, Ziyad and Alsaleh, Mansour},
  journal          = {Information and Software Technology},
  title            = {{SECDEP}: Software engineering curricula development and evaluation process using {SWEBOK}},
  year             = {2016},
  month            = jun,
  pages            = {114--126},
  volume           = {74},
}

@Book{asee2022profiles,
  author           = {{American Society of Engineering Education}},
  title            = {Profiles of Engineering and Engineering Technology, 2021},
  year             = {2022},
  address          = {Washington, DC},
}

@Article{atkinson1957motivational,
  author           = {Atkinson, John W.},
  journal          = {Psychological Review},
  title            = {Motivational determinants of risk-taking behavior},
  year             = {1957},
  number           = {6},
  pages            = {359--372},
  volume           = {64},
}

@Article{bakheet2021investigating,
	author           = {Eman M. Bakheet and and Andrew M. Gravell},
	journal          = {International Journal of Information and Education Technology},
	title            = {Investigating Computer Science Instructors Behavioral Intention to Adopt the Flipped Classroom Applying an Extended {UTAUT} Model: The Role of Age, Gender, and Experience},
	year             = {2021},
	number           = {12},
	pages            = {631--637},
	volume           = {11},
}

@InProceedings{barr2022why,
	author           = {Barr, Matthew and Kallia, Maria},
	booktitle        = {Koli Calling International Conference on Computing Education Research},
	title            = {Why Students Drop Computing Science: Using Models of Motivation to Understand Student Attrition and Retention},
	year             = {2022},
	month            = nov,
	publisher        = {{ACM}},
}

@Book{bandura1986social,
  author           = {Bandura, Albert},
  publisher        = {Prentice Hall},
  title            = {Social Foundations of Thought and Action: A Social Cognitive Theory},
  year             = {1986},
  address          = {Englewood Cliffs, NJ},
}

@Article{barba2020engineers,
  author           = {Barba, Lorena A.},
  journal          = {Computing in Science and Engineering ({CiSE})},
  title            = {Engineers Code: Reusable Open Learning Modules for Engineering Computations},
  year             = {2020},
  month            = jul,
  number           = {4},
  pages            = {26--35},
  volume           = {22},
  publisher        = {Institute of Electrical and Electronics Engineers ({IEEE})},
}

@InProceedings{berg2022if,
	author           = {Berg, Amanda and Osnes, Simon and Glassey, Richard},
	booktitle        = {{ACM} Technical Symposium on Computer Science Education ({SIGCSE})},
	title            = {If in Doubt, Try Three: Developing Better Version Control Commit Behavior with First Year Students},
	year             = {2022},
	month            = feb,
	pages            = {362--368},
}

@Book{bourque2014guide,
  editor           = {Bourque, Pierre and Fairley, Richard E.},
  publisher        = {IEEE},
  title            = {Guide to the Software Engineering Body of Knowledge, Version 3.0},
  year             = {2014},
}

@Article{braun2006using,
	author           = {Braun, Virginia and Clarke, Victoria},
	journal          = {Qualitative Research in Psychology},
	title            = {Using thematic analysis in psychology},
	year             = {2006},
	month            = jan,
	number           = {2},
	pages            = {77--101},
	volume           = {3},
	publisher        = {Edward Arnold},
}

@Article{brown2005model,
  author           = {Brown, Susan A. and Venkatesh, Viswanath},
  journal          = {{MIS} Quarterly},
  title            = {Model of Adoption of Technology in Households: A Baseline Model Test and Extension Incorporating Household Life Cycle},
  year             = {2005},
  month            = sep,
  number           = {3},
  pages            = {399--426},
  volume           = {29},
}

@Article{bukartaite2023automation,
	author           = {Bukartaite, Raimunda and Hooper, Daire},
	journal          = {European Journal of Training and Development},
	title            = {Automation, artificial intelligence and future skills
                     needs: an {Irish} perspective},
	year             = {2023},
	month            = sep,
	number           = {10},
	pages            = {163--185},
	volume           = {47},
	publisher        = {Emerald},
}

@Misc{buxton1970software,
	month            = apr,
	title            = {Software Engineering Techniques: Report on a conference sponsored by the {NATO Science Committee}},
	year             = {1970},
	editor           = {Buxton, J. N. and Randell, B.},
}

@InProceedings{carver2007software,
  author           = {Carver, Jeffrey C. and Kendall, Richard P. and Squires, Susan E. and Post, Douglass E.},
  booktitle        = {International Conference on Software Engineering ({ICSE})},
  title            = {Software Development Environments for Scientific and Engineering Software: A Series of Case Studies},
  year             = {2007},
  month            = may,
  publisher        = {{IEEE}},
}

@Article{carver2012software,
  author           = {Carver, Jeffrey C. and Epperly, Tom},
  journal          = {Computing in Science {\&} Engineering},
  title            = {Software Engineering for Computational Science and Engineering},
  year             = {2012},
  month            = may,
  number           = {2},
  pages            = {8--11},
  volume           = {14},
  publisher        = {Institute of Electrical and Electronics Engineers ({IEEE})},
}

@Article{carver2022survey,
  author           = {Carver, Jeffrey C. and Weber, Nic and Ram, Karthik and Gesing, Sandra and Katz, Daniel S.},
  journal          = {{PeerJ} Computer Science},
  title            = {A survey of the state of the practice for research
                      software in the {U}nited {S}tates},
  year             = {2022},
  month            = may,
  number           = {e963},
  volume           = {8},
  publisher        = {{PeerJ}},
}

@InProceedings{cordova2021comparison,
  author           = {Cordova, Lucas and Carver, Jeffrey and Gershmel, Noah and Walia, Gursimran},
  booktitle        = {{ACM} Technical Symposium on Computer Science Education ({SIGCSE TS})},
  title            = {A Comparison of Inquiry-Based Conceptual Feedback vs. Traditional Detailed Feedback Mechanisms in Software Testing Education: An Empirical Investigation},
  year             = {2021},
  month            = mar,
  publisher        = {{ACM}},
}

@Book{creswell2018research,
  author           = {Creswell, John W. and Creswell, J. David},
  title            = {Research Design: Qualitative, Quantitative, and Mixed Methods Approaches},
  edition          = {5},
  isbn             = {1506386709},
  pagetotal        = {304},
  publisher        = {Sage Publications},
  year             = {2018},
  month            = jan,
}

@Article{davis1989perceived,
  author           = {Davis, Fred D.},
  journal          = {{MIS} Quarterly},
  title            = {Perceived Usefulness, Perceived Ease of Use, and User Acceptance of Information Technology},
  year             = {1989},
  month            = sep,
  number           = {3},
  pages            = {319},
  volume           = {13},
}

@Article{davis1992extrinsic,
  author           = {Davis, Fred D. and Bagozzi, Richard P. and Warshaw, Paul R.},
  journal          = {Journal of Applied Social Psychology},
  title            = {Extrinsic and Intrinsic Motivation to Use Computers in the Workplace},
  year             = {1992},
  month            = jul,
  number           = {14},
  pages            = {1111--1132},
  volume           = {22},
  publisher        = {Wiley},
}

@Article{disessa2018computational,
	author           = {diSessa, Andrea A.},
	journal          = {Mathematical Thinking and Learning},
	title            = {Computational Literacy and ``The Big Picture'' Concerning Computers in Mathematics Education},
	year             = {2018},
	month            = jan,
	number           = {1},
	pages            = {3--31},
	volume           = {20},
	publisher        = {Informa {UK} Limited},
}

@Article{dodds1991effects,
  author           = {Dodds, William B. and Monroe, Kent B. and Grewal, Dhruv},
  journal          = {Journal of Marketing Research},
  title            = {Effects of Price, Brand, and Store Information on Buyers' Product Evaluations},
  year             = {1991},
  month            = aug,
  number           = {3},
  pages            = {307--319},
  volume           = {28},
}

@InProceedings{dodds2021biology,
	author           = {Dodds, Zachary and Morgan, Malia and Popowski, Lindsay and Coxe, Henry and Coxe, Caroline and Zhou, Kewei and Bush, Eliot and Libeskind-Hadas, Ran},
	booktitle        = {{ACM} Technical Symposium on Computer Science Education ({SIGCSE})},
	title            = {A Biology-based {CS}1: Results and Reflections, Ten Years In},
	year             = {2021},
	month            = mar,
}

@InProceedings{dunne2005case,
	author           = {Dunne, Bruce E. and Blauch, Andrew J. and Sterian, Andrew},
	booktitle        = {ASEE Annual Conference and Exposition},
	title            = {The Case for Computer Programming Instruction for All Engineering Disciplines},
	year             = {2005},
	month            = jun,
	url              = {https://peer.asee.org/15520},
}

@InBook{eccles1983expectancies,
  author           = {Eccles, Jacquelynne},
  chapter          = {Expectancies, values and academic behaviors},
  editor           = {Spence, Janet T.},
  pages            = {75--146},
  publisher        = {W. H. Freeman},
  title            = {Achievement and Achievement Motives: Psychological and Sociological Approaches},
  year             = {1983},
  series           = {Series of Books in Psychology},
}

@InProceedings{edmonds2018developing,
	author           = {Edmonds, Tess and Stolk, Jonathan},
	booktitle        = {IEEE Frontiers in Education Conference ({FIE})},
	title            = {Developing a framework for collaborative educational change: A study of people, processes, and cultures},
	year             = {2018},
	month            = oct,
}

@Article{ferber1977research,
	author           = {Ferber, Robert},
	journal          = {Journal of Consumer Research},
	title            = {Research by Convenience},
	year             = {1977},
	month            = jun,
	number           = {1},
	pages            = {57--58},
	volume           = {4},
	publisher        = {Oxford University Press},
}

@Book{fishbein1975belief,
  author           = {Fishbein, Martin and Ajzen, Icek},
  publisher        = {Addison-Wesley},
  title            = {Belief, Attitude, Intention, and Behavior: An Introduction to Theory and Research},
  year             = {1975},
  isbn             = {0201020890},
  series           = {Addison-Wesley Series in Social Psychology},
}

@Book{forsgren2018accelerate,
  author           = {Forsgren, Nicole and Humble, Jez and Kim, Gene},
  publisher        = {IT Revolution Press},
  title            = {Accelerate: Building and Scaling High Performing Technology Organizations},
  year             = {2018},
  isbn             = {1942788339},
  month            = mar,
}

@Misc{garousi2017survey,
  author           = {Garousi, Vahid and Giray, G\"{o}rkem and T\"{u}z\"{u}n, Eray},
  month            = apr,
  title            = {Survey of the skills important to software professionals based on {SWEBOK} (both in {E}nglish and {T}urkish)},
  year             = {2017},
  copyright        = {Creative Commons Attribution 4.0},
  doi              = {10.5281/ZENODO.546594},
  publisher        = {Zenodo},
  howpublished     = {\url{https://zenodo.org/records/546594} (last accessed Nov
                      7, 2023)},
}

@Article{garousi2019aligning,
  author           = {Garousi, Vahid and Giray, G\"{o}rkem and T\"{u}z\"{u}n, Eray and Catal, Cagatay and Felderer, Michael},
  journal          = {Journal of Systems and Software},
  title            = {Aligning software engineering education with industrial needs: A meta-analysis},
  year             = {2019},
  month            = oct,
  pages            = {65--83},
  volume           = {156},
}

@Article{garousi2020understanding,
  author           = {Garousi, Vahid and Giray, Gorkem and T\"{u}z\"{u}n, Eray},
  journal          = {{ACM} Transactions on Computing Education (TOCE)},
  title            = {Understanding the Knowledge Gaps of Software Engineers},
  year             = {2020},
  month            = feb,
  number           = {1},
  pages            = {1--33},
  volume           = {20},
  publisher        = {Association for Computing Machinery ({ACM})},
}

@Book{glaser1967discovery,
  author           = {Glaser, Barney G. and Strauss, Anselm L.},
  publisher        = {Aldine},
  title            = {The Discovery of Grounded Theory: Strategies for Qualitative Research},
  year             = {1967},
  address          = {New York},
  isbn             = {9780203793206},
  pagetotal        = {1271},
}

@Article{goodman1961snowball,
	author           = {Goodman, Leo A.},
	journal          = {The Annals of Mathematical Statistics},
	title            = {Snowball Sampling},
	year             = {1961},
	month            = mar,
	number           = {1},
	pages            = {148--170},
	volume           = {32},
}

@Article{guyotte2015collaborative,
	author           = {Guyotte, Kelly W. and Sochacka, Nicola W. and Costantino, Tracie E. and Kellam, Nadia N. and Walther, Joachim},
	journal          = {International Journal of Education and the Arts},
	title            = {Collaborative Creativity in {STEAM}: Narratives of Art Education Students’ Experiences in Transdisciplinary Spaces},
	year             = {2015},
	number           = {15},
	pages            = {1--38},
	volume           = {16},
}

@Article{guyotte2016is,
	author           = {Guyotte, Kelly W. and Sochacka, Nicola W.},
	journal          = {International Journal of Qualitative Methods},
	title            = {Is This Research? Productive Tensions in Living the (Collaborative) Autoethnographic Process},
	year             = {2016},
	month            = apr,
	number           = {1},
	pages            = {1--11},
	volume           = {15},
}

@InProceedings{hannay2009how,
	author           = {Hannay, Jo Erskine and MacLeod, Carolyn and Singer, Janice and Langtangen, Hans Petter and Pfahl, Dietmar and Wilson, Greg},
	booktitle        = {{ICSE} Workshop on Software Engineering for Computational Science and Engineering},
	title            = {How do scientists develop and use scientific software?},
	year             = {2009},
	month            = may,
}

@Article{heaton2015claims,
  author           = {Heaton, Dustin and Carver, Jeffrey C.},
  journal          = {Information and Software Technology},
  title            = {Claims about the use of software engineering practices in science: A systematic literature review},
  year             = {2015},
  month            = nov,
  pages            = {207--219},
  volume           = {67},
  publisher        = {Elsevier {BV}},
}

@Article{huff2020coupling,
	author           = {Huff, James L. and Walther, Joachim and Sochacka, Nicola W. and Sharbine, Mackenzie B. and Kamanda, Hindolo},
	journal          = {Studies in Engineering Education},
	title            = {Coupling Methodological Commitments to Make Sense of Socio-Psychological Experience},
	year             = {2020},
	number           = {2},
	pages            = {1--13},
	volume           = {1},
}

@Article{huff2021unpacking,
	author           = {Huff, James L. and Okai, Benjamin and Shanachilubwa, Kanembe and Sochacka, Nicola W. and Walther, Joachim},
	journal          = {Journal of Engineering Education},
	title            = {Unpacking professional shame: Patterns of White male engineering students living in and out of threats to their identities},
	year             = {2021},
	month            = mar,
	number           = {2},
	pages            = {414--436},
	volume           = {110},
}

@Book{icpsr2020guide,
  author           = {{Inter-University Consortium For Political And Social Research}},
  publisher        = {University of Michigan},
  title            = {Guide to Social Science Data Preparation and Archiving: Best Practice Throughout the Data Life Cycle},
  year             = {2020},
  address          = {Ann Arbor, MI},
  edition          = {6},
  doi              = {10.7302/3705},
}

@Article{jang2015identifying,
	author           = {Jang, Hyewon},
	journal          = {Journal of Science Education and Technology},
	title            = {Identifying 21st Century {STEM} Competencies Using Workplace Data},
	year             = {2015},
	month            = dec,
	number           = {2},
	pages            = {284--301},
	volume           = {25},
}

@InProceedings{jarvieeggart2021factors,
  author           = {Jarvie-Eggart, Michelle and Owusu-Ansah, Alfred and Stockero, Shari L.},
  booktitle        = {{IEEE} Frontiers in Education Conference ({FIE})},
  title            = {Factors Motivating Engineering Faculty to Adopt and Teach New Engineering Technologies},
  year             = {2021},
  month            = oct,
  publisher        = {{IEEE}},
}

@InProceedings{jarvieeggart2022facilitating,
  author           = {Jarvie-Eggart, Michelle and Owusu-Ansah, Alfred Lawrence and Stockero, Shari},
  booktitle        = {American Society for Engineering Education Annual Conference (ASEE)},
  title            = {Facilitating Conditions for Engineering Faculty Technology Adoption},
  year             = {2022},
  month            = jun,
}

@InProceedings{jarvieeggart2023board,
	author           = {Jarvie-Eggart, Michelle E.},
	booktitle        = {{ASEE} Annual Conference and Exposition},
	title            = {Board 359: Potential Interventions to Promote Engineering Technology Adoption among Faculty},
	year             = {2023},
	month            = jun,
}

@InProceedings{jarvieeggart2023cosharing,
	author           = {Jarvie-Eggart, Michelle Edith and May, Dominik and Moyaki, Deborah and Carlson, Katrina and Smith, Landon},
	booktitle        = {{IEEE} Frontiers in Education Conference ({FIE})},
	title            = {Co-sharing secondary qualitative research data to understand technology adoption in engneering education courses},
	year             = {2023},
	month            = oct,
}

@Article{kelly2007software,
  author           = {Kelly, Diane F.},
  journal          = {{IEEE} Software},
  title            = {A Software Chasm: Software Engineering and Scientific Computing},
  year             = {2007},
  month            = nov,
  number           = {6},
  pages            = {120--119},
  volume           = {24},
  publisher        = {Institute of Electrical and Electronics Engineers ({IEEE})},
}

@InProceedings{kirk2022exploring,
	author           = {Kirk, Diana},
	booktitle        = {{ACM} {SIGPLAN} International Symposium on New Ideas, New Paradigms, and Reflections on Programming and Software},
	title            = {Exploring Task Equivalence for Software Engineering Practice Adaptation and Replacement},
	year             = {2022},
	month            = nov,
	pages            = {33--47},
}

@Article{ko2011state,
	author           = {Ko, Amy J. and Abraham, Robin and Beckwith, Laura and Blackwell, Alan and Burnett, Margaret and Erwig, Martin and Scaffidi, Chris and Lawrance, Joseph and Lieberman, Henry and Myers, Brad and Rosson, Mary Beth and Rothermel, Gregg and Shaw, Mary and Wiedenbeck, Susan},
	journal          = {{ACM} Computing Surveys},
	title            = {The state of the art in end-user software engineering},
	year             = {2011},
	month            = {apr},
	number           = {3},
	pages            = {1--44},
	volume           = {43},
}

@Article{kuksenok2017deliberate,
  author           = {Kuksenok, Kateryna and Aragon, Cecilia and Fogarty, James and Lee, Charlotte P. and Neff, Gina},
  journal          = {Computer Supported Cooperative Work ({CSCW})},
  title            = {Deliberate Individual Change Framework for Understanding Programming Practices in four Oceanography Groups},
  year             = {2017},
  month            = may,
  number           = {4-6},
  pages            = {663--691},
  volume           = {26},
  publisher        = {Springer Science and Business Media {LLC}},
}

@Article{lee2021barely,
  author           = {Lee, Graham and Bacon, Sebastian and Bush, Ian and Fortunato, Laura and Gavaghan, David and Lestang, Thibault and Morton, Caroline and Robinson, Martin and Rocca-Serra, Philippe and Sansone, Susanna-Assunta and Webb, Helena},
  journal          = {Patterns},
  title            = {Barely sufficient practices in scientific computing},
  year             = {2021},
  month            = feb,
  number           = {2},
  pages            = {100206},
  volume           = {2},
  publisher        = {Elsevier {BV}},
}

@Article{limayem2007how,
  author           = {Limayem, Moez and Hirt, Sabine Gabriele and Cheung, Christy M. K.},
  journal          = {{MIS} Quarterly},
  title            = {How Habit Limits the Predictive Power of Intention: The Case of Information Systems Continuance},
  year             = {2007},
  month            = dec,
  number           = {4},
  pages            = {705--737},
  volume           = {31},
}

@Article{lord2012effect,
	author           = {Lord, Susan M. and Prince, Michael J. and Stefanou, Candice R. and Stolk, Jonathan D. and Chen, John C.},
	journal          = {International Journal of Engineering Education},
	title            = {The Effect of Different Active Learning Environments on Student Outcomes Related to Lifelong Learning},
	year             = {2012},
	number           = {3},
	pages            = {606--620},
	volume           = {28},
}

@Article{luttrell2009mathematics,
	author           = {Luttrell, Vickie R. and Callen, Bruce W. and Allen, Charles S. and Wood, Mark D. and Deeds, Donald G. and Richard, David C. S.},
	journal          = {Educational and Psychological Measurement},
	title            = {The Mathematics Value Inventory for General Education Students: Development and Initial Validation},
	year             = {2009},
	month            = sep,
	number           = {1},
	pages            = {142--160},
	volume           = {70},
	publisher        = {{SAGE} Publications},
}

@InProceedings{ma2022eliminating,
	author           = {Ma, Shuyao and Zhan, Zehui and Zhong, Xuanyan},
	booktitle        = {International Conference on Education and E-Learning ({ICEEL})},
	title            = {Eliminating Learners' Confusion during Programming Problem Solving by Enhancing Procedural Knowledge and Procedural Understanding},
	year             = {2022},
	month            = nov,
	pages            = {213--219},
	publisher        = {{ACM}},
}

@InProceedings{macher2014bridging,
	author           = {Macher, Georg and Armengaud, Eric and Kreiner, Christian},
	booktitle        = {Embedded Real Time Software and Systems (ERTS)},
	title            = {Bridging Automotive Systems, Safety and Software Engineering with a Seamless Toolchain},
	year             = {2014},
	address          = {Toulouse, France},
	month            = feb,
}

@Article{matsumoto2017authentication,
	author           = {Matsumoto, Stephanos and Reischuk, Raphael M. and Szalachowski, Pawel and Kim, Tiffany Hyun-Jin and Perrig, Adrian},
	journal          = {{ACM} Transactions on Privacy and Security ({TOPS})},
	title            = {Authentication Challenges in a Global Environment},
	year             = {2017},
	month            = jan,
	number           = {1},
	pages            = {1--34},
	volume           = {20},
}

@InProceedings{matsumoto2017ikp,
	author           = {Matsumoto, Stephanos and Reischuk, Raphael M.},
	booktitle        = {{IEEE} Symposium on Security and Privacy ({S\&P})},
	title            = {{IKP}: Turning a {PKI} Around with Decentralized Automated Incentives},
	month            = may,
	year             = {2017},
}

@InProceedings{matsumoto2020caps,
	author           = {Matsumoto, Stephanos and Bosamiya, Jay and Dai, Yucheng and van Oorschot, Paul and Parno, Bryan},
	booktitle        = {Annual Computer Security Applications Conference (ACSAC)},
	title            = {{CAPS}: Smoothly Transitioning to a More Resilient {W}eb {PKI}},
	year             = {2020},
	month            = dec,
}

@InProceedings{matsumoto2023work,
  author           = {Matsumoto, Stephanos},
  booktitle        = {ASEE Annual Conference and Exposition},
  title            = {Work in Progress: An Interview-Based Retrospective on the Redesign of an Introductory Computing Course},
  year             = {2023},
  month            = jun,
  url              = {https://peer.asee.org/44165},
}

@Article{matusovich2010why,
	author           = {Matusovich, Holly M. and Streveler, Ruth A. and Miller, Ronald L.},
	journal          = {Journal of Engineering Education},
	title            = {Why Do Students Choose Engineering? A Qualitative, Longitudinal Investigation of Students{\textquotesingle} Motivational Values},
	year             = {2010},
	month            = oct,
	number           = {4},
	pages            = {289--303},
	volume           = {99},
	publisher        = {Wiley},
}

@Book{mcconnell1999after,
	author           = {McConnell, Steve},
	publisher        = {Microsoft Press},
	title            = {After the Gold Rush: Creating a True Profession of Software Engineering},
	year             = {1999},
}

@Article{mesnard2017reproducible,
  author           = {Mesnard, Olivier and Barba, Lorena A.},
  journal          = {Computing in Science and Engineering ({CiSE})},
  title            = {Reproducible and Replicable Computational Fluid Dynamics: It's Harder Than You Think},
  year             = {2017},
  month            = aug,
  number           = {4},
  pages            = {44--55},
  volume           = {19},
  publisher        = {Institute of Electrical and Electronics Engineers ({IEEE})},
}

@Article{meyer2014engineering,
	author           = {Meyer, Matthew and Marx, Sherry},
	journal          = {Journal of Engineering Education},
	title            = {Engineering Dropouts: A Qualitative Examination of Why Undergraduates Leave Engineering},
	year             = {2014},
	month            = sep,
	number           = {4},
	pages            = {525--548},
	volume           = {103},
}

@Book{miles2014qualitative,
	author           = {Miles, M. B. and Huberman, A. M. and Salda\~{n}a, J.},
	publisher        = {Sage},
	title            = {Qualitative data analysis: A methods sourcebook},
	year             = {2014},
	address          = {Thousand Oaks, CA},
	edition          = {3},
}

@Article{miller2006scientists,
  author           = {Miller, Greg},
  journal          = {Science},
  title            = {A Scientist's Nightmare: Software Problem Leads to Five Retractions},
  year             = {2006},
  month            = dec,
  number           = {5807},
  pages            = {1856--1857},
  volume           = {314},
  publisher        = {American Association for the Advancement of Science ({AAAS})},
}

@Article{oettinger1966presidents,
	author           = {Oettinger, A. G.},
	journal          = {Communications of the {ACM}},
	title            = {President's Letter to the {ACM} Membership},
	year             = {1966},
	month            = aug,
	number           = {8},
	pages            = {545--546},
	volume           = {9},
}

@InProceedings{owusuansah2022it,
	author           = {Owusu-Ansah, Alfred L. and Jarvie-Eggart, Michelle},
	booktitle        = {{IEEE} International Professional Communication Conference ({ProComm})},
	title            = {``{I}t Can't Tell You How to Do That.'' Suggesting a Faculty-Focused Subgenre of Instructional Writing},
	year             = {2022},
	month            = jul,
}

@Article{paine2017who,
  author           = {Paine, Drew and Lee, Charlotte P.},
  journal          = {Proceedings of the {ACM} on Human-Computer Interaction ({PACMHCI})},
  title            = {``{Who} Has Plots?'': Contextualizing Scientific Software, Practice, and Visualizations},
  year             = {2017},
  month            = nov,
  number           = {{CSCW}},
  pages            = {1--21},
  volume           = {1},
  publisher        = {Association for Computing Machinery ({ACM})},
}

@InProceedings{pinto2018how,
  author           = {Gustavo Pinto and Igor Wiese and Luiz Felipe Dias},
  booktitle        = {{IEEE} International Conference on Software Analysis, Evolution and Reengineering ({SANER})},
  title            = {How do scientists develop scientific software? An external replication},
  year             = {2018},
  month            = mar,
  pages            = {582--591},
  publisher        = {{IEEE}},
}

@InProceedings{prabhu2011survey,
  author           = {Prabhu, Prakash and Zhang, Yun and Ghosh, Soumyadeep and August, David I. and Huang, Jialu and Beard, Stephen and Kim, Hanjun and Oh, Taewook and Jablin, Thomas B. and Johnson, Nick P. and Zoufaly, Matthew and Raman, Arun and Liu, Feng and Walker, David},
  booktitle        = {The International Conference for High Performance Computing, Networking, Storage, and Analysis (SC)},
  title            = {A survey of the practice of computational science},
  year             = {2011},
  month            = nov,
  pages            = {1--12},
  publisher        = {{ACM} Press},
}

@InProceedings{radermacher2013gaps,
	author           = {Radermacher, Alex and Walia, Gursimran},
	booktitle        = {{ACM} Technical Symposium on Computer Science Education
                     ({SIGCSE})},
	title            = {Gaps between industry expectations and the abilities of graduates},
	year             = {2013},
	month            = mar,
	pages            = {525--530},
	publisher        = {{ACM}},
}

@Article{ricks2007incorporating,
	author           = {Ricks, Kenneth G. and Jackson, David J. and Stapleton, William A.},
	journal          = {{ACM} {SIGBED} Review},
	title            = {Incorporating embedded programming skills into an {ECE} curriculum},
	year             = {2007},
	month            = jan,
	number           = {1},
	pages            = {17--26},
	volume           = {4},
}

@InProceedings{rine1978programs,
	author           = {Rine, D. C. and Davida, G.},
	booktitle        = {{IEEE} Annual International Computer Software and Applications Conference ({COMPSAC})},
	title            = {Programs in software engineering education},
	year             = {1978},
	month            = nov,
	publisher        = {{IEEE}},
}

@Book{rogers2003diffusion,
  author           = {Rogers, Everett M.},
  publisher        = {Simon and Schuster},
  title            = {Diffusion of Innovations},
  year             = {2003},
  edition          = {5},
  isbn             = {9780743258234},
}

@InProceedings{saede2019factors,
	author           = {S\"{a}de, Merilin and Suviste, Reelika and Luik, Piret and T{\~{o}}nisson, Eno and Lepp, Marina},
	booktitle        = {{ACM} Technical Symposium on Computer Science Education
                     ({SIGCSE TS})},
	title            = {Factors That Influence Students' Motivation and Perception of Studying Computer Science},
	year             = {2019},
	month            = feb,
	pages            = {873--878},
}

@Book{saldana2016coding,
	author           = {Salda\~{n}a, Johnny},
	publisher        = {SAGE},
	title            = {The coding manual for qualitative researchers},
	year             = {2016},
	edition          = {3},
}

@InProceedings{salman2015are,
	author           = {Salman, Iflaah and Misirli, Ayse Tosun and Juristo, Natalia},
	booktitle        = {{IEEE} International Conference on Software Engineering ({ICSE})},
	title            = {Are Students Representatives of Professionals in Software Engineering Experiments?},
	year             = {2015},
	month            = may,
}

@Article{se2014,
  author           = {{Joint Task Force on Computing Curricula, IEEE Computer Society, Association for Computing Machinery}},
  journal          = {Computing Curricula},
  title            = {Software Engineering 2014: Curriculum Guidelines for Undergraduate Degree Programs in Software Engineering},
  year             = {2015},
  month            = feb,
}

@Misc{simperler2015software,
	author           = {Simperler, Alexandra and Wilson, Greg},
	howpublished     = {arXiv:1506.02575},
	month            = jun,
	title            = {{Software Carpentry} -- get more done in less time},
	year             = {2015},
}

@Article{sochacka2016learning,
	author           = {Sochacka, Nicola W. and Guyotte, Kelly. W. and Walther, Joachim},
	journal          = {Journal of Engineering Education},
	title            = {Learning Together: A Collaborative Autoethnographic Exploration of {STEAM} ({STEM} + the Arts) Education},
	year             = {2016},
	month            = jan,
	number           = {1},
	pages            = {15--42},
	volume           = {105},
}

@Article{sochacka2018ethical,
	author           = {Sochacka, Nicola W. and Walther, Joachim and Pawley, Alice L.},
	journal          = {Journal of Engineering Education},
	title            = {Ethical Validation: Reframing Research Ethics in Engineering Education Research To Improve Research Quality},
	year             = {2018},
	month            = jul,
	number           = {3},
	pages            = {362--379},
	volume           = {107},
}

@Article{sochacka2021narrative,
	author           = {Sochacka, Nicola W. and Walther, Joachim and Rich, Jennifer R. and Brewer, Michael A.},
	journal          = {Studies in Engineering Education},
	title            = {A Narrative Analysis of Stories Told about Engineering in the Public Discourse: Implications for Equity and Inclusion in Engineering},
	year             = {2021},
	month            = aug,
	number           = {2},
	pages            = {54--77},
	volume           = {2},
}

@InProceedings{sporer2015incorporation,
	author           = {Sporer, Harald and Macher, Georg and Armengaud, Eric and Kreiner, Christian},
	booktitle        = {Euromicro Conference on Software Engineering and Advanced Applications ({SEAA})},
	title            = {Incorporation of Model-Based System and Software Development Environments},
	year             = {2015},
	month            = aug,
	pages            = {177--180},
	publisher        = {{IEEE}},
}

@Article{stefanou2013self,
	author           = {Stefanou, Candice and Stolk, Jonathan D. and Prince, Michael and Chen, John C. and Lord, Susan M.},
	journal          = {Active Learning in Higher Education},
	title            = {Self-regulation and autonomy in problem- and project-based learning environments},
	year             = {2013},
	month            = apr,
	number           = {2},
	pages            = {109--122},
	volume           = {14},
}

@InProceedings{steinmacher2014hard,
	author           = {Steinmacher, Igor and Wiese, Igor Scaliante and Conte, Tayana and Gerosa, Marco Aur{\'{e}}lio and Redmiles, David},
	booktitle        = {International Workshop on Cooperative and Human Aspects of Software Engineering ({CHASE})},
	title            = {The hard life of open source software project newcomers},
	year             = {2014},
	month            = jun,
	pages            = {72--78},
	publisher        = {{ACM}},
}

@Article{stolk2014student,
	author           = {Stolk, Jonathan and Harari, Janie},
	journal          = {Active Learning in Higher Education},
	title            = {Student motivations as predictors of high-level cognitions in project-based classrooms},
	year             = {2014},
	month            = nov,
	number           = {3},
	pages            = {231--247},
	volume           = {15},
}

@InProceedings{stolk2018educational,
	author           = {Stolk, Jonathan D. and Edmonds, Tess},
	booktitle        = {{IEEE} Frontiers in Education Conference ({FIE})},
	title            = {Educational Change Initiatives: Misalignments Between Changemakers and Their Institutions},
	year             = {2018},
	month            = oct,
}

@InProceedings{stolk2018learners,
	author           = {Stolk, Jonathan D. and Jacobs, Jonathan and Girard, Camille and Pudvan, Lauren},
	booktitle        = {{IEEE} Frontiers in Education Conference ({FIE})},
	title            = {Learners' Needs Satisfaction, Classroom Climate, and Situational Motivations: Evaluating Self-Determination Theory in an Engineering Context},
	year             = {2018},
	month            = oct,
}

@Article{stolk2021motivation,
	author           = {Stolk, Jonathan D. and Gross, Michael D. and Zastavker, Yevgeniya V.},
	journal          = {International Journal of {STEM} Education},
	title            = {Motivation, pedagogy, and gender: examining the multifaceted and dynamic situational responses of women and men in college {STEM} courses},
	year             = {2021},
	month            = may,
	number           = {1},
	pages            = {1--19},
	volume           = {8},
}

@Article{storer2017bridging,
  author           = {Storer, Tim},
  journal          = {{ACM} Computing Surveys},
  title            = {Bridging the Chasm: A Survey of Software Engineering Practice in Scientific Programming},
  year             = {2017},
  month            = nov,
  number           = {4},
  pages            = {1--32},
  volume           = {50},
  publisher        = {Association for Computing Machinery ({ACM})},
}

@Article{taylor1995understanding,
  author           = {Taylor, Shirley and Todd, Peter A.},
  journal          = {Information Systems Research},
  title            = {Understanding Information Technology Usage: A Test of Competing Models},
  year             = {1995},
  month            = jun,
  number           = {2},
  pages            = {144--176},
  volume           = {6},
}

@Article{thompson1991personal,
  author           = {Thompson, Ronald L. and Higgins, Christopher A. and Howell, Jane M.},
  journal          = {{MIS} Quarterly},
  title            = {Personal Computing: Toward a Conceptual Model of Utilization},
  year             = {1991},
  month            = mar,
  number           = {1},
  pages            = {125--143},
  volume           = {15},
}

@InProceedings{triandis1979values,
  author           = {Triandis, Harry C.},
  booktitle        = {Nebraska Symposium on Motivation},
  title            = {Values, attitudes, and interpersonal behavior},
  year             = {1979},
  pages            = {195--259},
  volume           = {27},
}

@Book{vee2017coding,
	author           = {Vee, Annette},
	publisher        = {The MIT Press},
	title            = {Coding Literacy: How Computer Programming Is Changing Writing},
	year             = {2017},
	month            = jul,
}

@Article{venkatesh2000theoretical,
  author           = {Venkatesh, Viswanath and Davis, Fred D.},
  journal          = {Management Science},
  title            = {A Theoretical Extension of the Technology Acceptance Model: Four Longitudinal Field Studies},
  year             = {2000},
  month            = feb,
  number           = {2},
  pages            = {186--204},
  volume           = {46},
  publisher        = {Institute for Operations Research and the Management Sciences ({INFORMS})},
}

@Article{venkatesh2003user,
  author           = {Venkatesh, Viswanath and Morris, Michael G. and Davis, Gordon B. and Davis, Fred D.},
  journal          = {{MIS} Quarterly},
  title            = {User Acceptance of Information Technology: Toward a Unified View},
  year             = {2003},
  month            = sep,
  number           = {3},
  pages            = {425--478},
  volume           = {27},
  publisher        = {{JSTOR}},
}

@Article{venkatesh2012consumer,
  author           = {Venkatesh, Viswanath and Thong, James Y. L. and Xu, Xin},
  journal          = {{MIS} Quarterly},
  title            = {Consumer Acceptance and Use of Information Technology: Extending the Unified Theory of Acceptance and Use of Technology},
  year             = {2012},
  month            = mar,
  number           = {1},
  pages            = {157--178},
  volume           = {36},
  publisher        = {{JSTOR}},
}

@InProceedings{vogelheuser2022educate,
	author           = {Vogel-Heuser, B. and Land, K. and Hujo, D. and Kruger, M.},
	booktitle        = {{IEEE} International Conference on Automation Science and Engineering ({CASE})},
	title            = {Educate complex {C} programming artefacts for robotics to mechanical engineers freshmen -- Array, Pointer, Loop},
	year             = {2022},
	month            = aug,
}

@Article{walther2011engineering,
	author           = {Walther, Joachim and Kellam, Nadia and Sochacka, Nicola and Radcliffe, David},
	journal          = {Journal of Engineering Education},
	title            = {Engineering Competence? An Interpretive Investigation of Engineering Students' Professional Formation},
	year             = {2011},
	month            = oct,
	number           = {4},
	pages            = {703--740},
	volume           = {100},
}

@Article{walther2017qualitative,
	author           = {Walther, Joachim and Sochacka, Nicola W. and Benson, Lisa C. and Bumbaco, Amy E. and Kellam, Nadia and Pawley, Alice L. and Phillips, Canek M. L.},
	journal          = {Journal of Engineering Education},
	title            = {Qualitative Research Quality: A Collaborative Inquiry Across Multiple Methodological Perspectives},
	year             = {2017},
	month            = jul,
	number           = {3},
	pages            = {398--430},
	volume           = {106},
}

@Article{walther2019empathy,
	author           = {Walther, Joachim and Brewer, Michael A. and Sochacka, Nicola W. and Miller, Shari E.},
	journal          = {Journal of Engineering Education},
	title            = {Empathy and engineering formation},
	year             = {2019},
	month            = dec,
	number           = {1},
	pages            = {11--33},
	volume           = {109},
}

@MastersThesis{weaver2019efficacy,
	author           = {Weaver, Belinda Katherine},
	school           = {The University of Queensland},
	title            = {The Efficacy and Usefulness of {Software Carpentry} Training: A Follow-Up Cohort Study},
	year             = {2019},
	publisher        = {University of Queensland Library},
}

@Article{wiese2020naming,
  author           = {Igor Wiese and Ivanilton Polato and Gustavo Pinto},
  journal          = {{IEEE} Software},
  title            = {Naming the Pain in Developing Scientific Software},
  year             = {2020},
  month            = jul,
  number           = {4},
  pages            = {75--82},
  volume           = {37},
  publisher        = {Institute of Electrical and Electronics Engineers ({IEEE})},
}

@Article{wilson1996what,
	author           = {Wilson, Gregory V.},
	journal          = {{IEEE} Computational Science and Engineering},
	title            = {What should computer scientists teach to physical scientists and engineers?},
	year             = {1996},
	number           = {2},
	pages            = {46--65},
	volume           = {3},
	publisher        = {Institute of Electrical and Electronics Engineers ({IEEE})},
}

@Article{wilson2006software,
	author           = {Wilson, Greg},
	journal          = {Computing in Science {\&} Engineering (CiSE)},
	title            = {{S}oftware {C}arpentry: Getting Scientists to Write Better Code by Making Them More Productive},
	year             = {2006},
	month            = nov,
	number           = {6},
	pages            = {66--69},
	volume           = {8},
}

@Article{wilson2016software,
  author           = {Wilson, Greg},
  journal          = {F1000Research},
  title            = {{S}oftware {C}arpentry: lessons learned},
  year             = {2016},
  month            = jan,
  pages            = {62},
  volume           = {3},
  publisher        = {F1000 Research Ltd},
}

@Article{wilson2017good,
	author           = {Wilson, Greg and Bryan, Jennifer and Cranston, Karen and Kitzes, Justin and Nederbragt, Lex and Teal, Tracy K.},
	journal          = {{PLOS} Computational Biology},
	title            = {Good enough practices in scientific computing},
	year             = {2017},
	month            = jun,
	number           = {6},
	volume           = {13},
	publisher        = {Public Library of Science ({PLoS})},
}

@Book{winters2020software,
  author           = {Winters, Titus and Manshreck, Tom and Wright, Hyrum},
  publisher        = {O'Reilly Media},
  title            = {Software Engineering at {G}oogle: Lessons Learned from Programming Over Time},
  year             = {2020},
  isbn             = {1492082791},
  month            = mar,
}

@Article{zendler2001preliminary,
	author           = {Zendler, Andreas},
	journal          = {Empirical Software Engineering},
	title            = {A Preliminary Software Engineering Theory as Investigated by Published Experiments},
	year             = {2001},
	month            = jun,
	number           = {2},
	pages            = {161--180},
	volume           = {6},
	publisher        = {Springer Science and Business Media {LLC}},
}
